@article{indratno2009inversion,
  title={Inversion of the Laplace transform from the real axis using an adaptive iterative method},
  author={Indratno, Sapto W and Ramm, Alexander G and others},
  journal={International Journal of Mathematics and Mathematical Sciences},
  volume={2009},
  year={2009},
  publisher={Hindawi},
  eprint={0910.3385},
  archivePrefix={arXiv},
  primaryClass={math.NA}
}

@article{power1980,
author = {Power, S. C.},
title = {Hankel Operators on Hilbert Space},
journal = {Bulletin of the London Mathematical Society},
volume = {12},
number = {6},
pages = {422-442},
doi = {https://doi.org/10.1112/blms/12.6.422},
url = {https://londmathsoc.onlinelibrary.wiley.com/doi/abs/10.1112/blms/12.6.422},
eprint = {https://londmathsoc.onlinelibrary.wiley.com/doi/pdf/10.1112/blms/12.6.422},
year = {1980}
}

@book{groetsch1984theory,
  title={The Theory of Tikhonov Regularization for Fredholm Equations of the First Kind},
  author={Groetsch, C.W.},
  isbn={9780273086420},
  lccn={83025002},
  series={Chapman \& Hall/CRC research notes in mathematics series},
  url={https://books.google.it/books?id=rAaoAAAAIAAJ},
  year={1984},
  publisher={Pitman Advanced Pub. Program}
}

@book{carleman,
  title={Sur les {\'e}quations int{\'e}grales singuli{\`e}res {\`a} noyau r{\'e}el et sym{\'e}trique},
  author={Carleman, T.},
  series={Uppsala universitets {\aa}rsskrift, Matematik och naturvetenskap},
  url={https://books.google.it/books?id=mrdamQEACAAJ},
  year={1923}
}

@book{conway,
    title={A course in functional analysis},
    author={Conway, J. B.},
    series={Springer Science & Business Media},
    url={https://books.google.it/books/about/A_Course_in_Functional_Analysis.html?id=ix4P1e6AkeIC&redir_esc=y},
    year={1990}
}

@article{choi,
    ISSN = {00029890, 19300972},
    URL = {http://www.jstor.org/stable/2975779},
    author = {Man-Duen Choi},
    journal = {The American Mathematical Monthly},
    number = {5},
    pages = {301--312},
    publisher = {Mathematical Association of America},
    title = {Tricks or Treats with the Hilbert Matrix},
    urldate = {2023-09-07},
    volume = {90},
    year = {1983}
}

@article{fiedler,
    title = {Notes on Hilbert and Cauchy matrices},
    journal = {Linear Algebra and its Applications},
    volume = {432},
    number = {1},
    pages = {351-356},
    year = {2010},
    issn = {0024-3795},
    doi = {https://doi.org/10.1016/j.laa.2009.08.014},
    url = {https://www.sciencedirect.com/science/article/pii/S0024379509004248},
    author = {Miroslav Fiedler},
}

@article{schechter,
    ISSN = {08916837},
    URL = {http://www.jstor.org/stable/2001955},
    author = {Samuel Schechter},
    journal = {Mathematical Tables and Other Aids to Computation},
    number = {66},
    pages = {73--77},
    publisher = {American Mathematical Society},
    title = {On the Inversion of Certain Matrices},
    urldate = {2023-09-07},
    volume = {13},
    year = {1959}
}

@article{indratno,
    author={Indratno, Sapto W.
    and Ramm, Alexander G.},
    title={Inversion of the Laplace Transform from the Real Axis Using an Adaptive Iterative Method},
    journal={International Journal of Mathematics and Mathematical Sciences},
    year={2010},
    month={Jan},
    day={05},
    publisher={Hindawi Publishing Corporation},
    volume={2009},
    pages={898195},
    issn={0161-1712},
    doi={10.1155/2009/898195},
    url={https://doi.org/10.1155/2009/898195}
}

@article{davies,
    title = {Numerical inversion of the laplace transform: a survey and comparison of methods},
    journal = {Journal of Computational Physics},
    volume = {33},
    number = {1},
    pages = {1-32},
    year = {1979},
    issn = {0021-9991},
    doi = {https://doi.org/10.1016/0021-9991(79)90025-1},
    url = {https://www.sciencedirect.com/science/article/pii/0021999179900251},
    author = {Brian Davies and Brian Martin}
}

@misc{clacson,
      title={Regularization of Inverse Problems}, 
      author={Christian Clason},
      year={2021},
      eprint={2001.00617},
      archivePrefix={arXiv},
      primaryClass={math.FA}
}