@article{GIUSTI2022137103,
title = {Four-dimensional factorization of the fermion determinant in lattice QCD},
journal = {Physics Letters B},
volume = {829},
pages = {137103},
year = {2022},
issn = {0370-2693},
doi = {https://doi.org/10.1016/j.physletb.2022.137103},
url = {https://www.sciencedirect.com/science/article/pii/S0370269322002374},
author = {Leonardo Giusti and Matteo Saccardi}
}

@article{Wilson:1974sk,
    author = "Wilson, Kenneth G.",
    editor = "Taylor, J. C.",
    title = "{Confinement of Quarks}",
    reportNumber = "CLNS-262",
    doi = "10.1103/PhysRevD.10.2445",
    journal = "Phys. Rev. D",
    volume = "10",
    pages = "2445--2459",
    year = "1974"
}

@article{Luscher:2004pav,
    author = "Luscher, Martin",
    title = "{Schwarz-preconditioned HMC algorithm for two-flavour lattice QCD}",
    eprint = "hep-lat/0409106",
    archivePrefix = "arXiv",
    reportNumber = "CERN-PH-TH-2004-177",
    doi = "10.1016/j.cpc.2004.10.004",
    journal = "Comput. Phys. Commun.",
    volume = "165",
    pages = "199--220",
    year = "2005"
}

@article{Giusti:2018cmp,
    author = {Giusti, Leonardo and L\"uscher, Martin},
    title = "{Topological susceptibility at $T>T_{\rm c}$ from master-field simulations of the SU(3) gauge theory}",
    eprint = "1812.02062",
    archivePrefix = "arXiv",
    primaryClass = "hep-lat",
    reportNumber = "CERN-TH-2018-259",
    doi = "10.1140/epjc/s10052-019-6706-7",
    journal = "Eur. Phys. J. C",
    volume = "79",
    number = "3",
    pages = "207",
    year = "2019"
}

@article{Luscher:2017cjh,
    author = {L\"uscher, Martin},
    editor = "Della Morte, M. and Fritzsch, P. and G\'amiz S\'anchez, E. and Pena Ruano, C.",
    title = "{Stochastic locality and master-field simulations of very large lattices}",
    eprint = "1707.09758",
    archivePrefix = "arXiv",
    primaryClass = "hep-lat",
    reportNumber = "CERN-TH-2017-171",
    doi = "10.1051/epjconf/201817501002",
    journal = "EPJ Web Conf.",
    volume = "175",
    pages = "01002",
    year = "2018"
}

@article{Francis:2019muy,
    author = {Francis, Anthony and Fritzsch, Patrick and L\"uscher, Martin and Rago, Antonio},
    title = "{Master-field simulations of O($a$)-improved lattice QCD: Algorithms, stability and exactness}",
    eprint = "1911.04533",
    archivePrefix = "arXiv",
    primaryClass = "hep-lat",
    reportNumber = "CERN-TH-2019-182",
    doi = "10.1016/j.cpc.2020.107355",
    journal = "Comput. Phys. Commun.",
    volume = "255",
    pages = "107355",
    year = "2020"
}

@article{Luscher:2003qa,
    author = "L{\"u}scher, Martin",
    title = "{Solution of the Dirac equation in lattice QCD using a domain decomposition method}",
    eprint = "hep-lat/0310048",
    archivePrefix = "arXiv",
    reportNumber = "CERN-TH-2003-250",
    doi = "10.1016/S0010-4655(03)00486-7",
    journal = "Comput. Phys. Commun.",
    volume = "156",
    pages = "209--220",
    year = "2004"
}

@article{Luscher:2003vf,
    author = "L{\"u}scher, Martin",
    title = "{Lattice QCD and the Schwarz alternating procedure}",
    eprint = "hep-lat/0304007",
    archivePrefix = "arXiv",
    reportNumber = "CERN-TH-2003-088",
    doi = "10.1088/1126-6708/2003/05/052",
    journal = "JHEP",
    volume = "05",
    pages = "052",
    year = "2003"
}


@article{DallaBrida:2020cik,
    author = "Dalla Brida, Mattia and Giusti, Leonardo and Harris, Tim and Pepe, Michele",
    title = "{Multi-level Monte Carlo computation of the hadronic vacuum polarization contribution to $(g_\mu-2)$}",
    eprint = "2007.02973",
    archivePrefix = "arXiv",
    primaryClass = "hep-lat",
    doi = "10.1016/j.physletb.2021.136191",
    journal = "Phys. Lett. B",
    volume = "816",
    pages = "136191",
    year = "2021"
}

@inproceedings{Giusti:2018vxm,
      author         = "Giusti, Leonardo and Harris, Tim and Nada, Alessandro and
                        Schaefer, Stefan",
      title          = "{Multi-level integration for meson propagators}",
      booktitle      = "{36th International Symposium on Lattice Field Theory
                        (Lattice 2018) East Lansing, MI, United States, July
                        22-28, 2018}",
      year           = "2018",
      eprint         = "1812.01875",
      archivePrefix  = "arXiv",
      primaryClass   = "hep-lat",
      reportNumber   = "DESY-18-186",
      SLACcitation   = "%%CITATION = ARXIV:1812.01875;%%"
}

@article{Ce:2016ajy,
      author         = "Cè, Marco and Giusti, Leonardo and Schaefer, Stefan",
      title          = "{A local factorization of the fermion determinant in
                        lattice QCD}",
      journal        = "Phys. Rev.",
      volume         = "D95",
      year           = "2017",
      number         = "3",
      pages          = "034503",
      doi            = "10.1103/PhysRevD.95.034503",
      eprint         = "1609.02419",
      archivePrefix  = "arXiv",
      primaryClass   = "hep-lat",
      reportNumber   = "DESY-16-178",
      SLACcitation   = "%%CITATION = ARXIV:1609.02419;%%"
}

@article{Giusti:2017ksp,
      author         = "Giusti, Leonardo and Cè, Marco and Schaefer, Stefan",
      title          = "{Multi-boson block factorization of fermions}",
      booktitle      = "{Proceedings, 35th International Symposium on Lattice
                        Field Theory (Lattice 2017): Granada, Spain, June 18-24,
                        2017}",
      journal        = "EPJ Web Conf.",
      volume         = "175",
      year           = "2018",
      pages          = "01003",
      doi            = "10.1051/epjconf/201817501003",
      eprint         = "1710.09212",
      archivePrefix  = "arXiv",
      primaryClass   = "hep-lat",
      reportNumber   = "CERN-TH-2017-195, DESY-17-170, HIM-2017-07",
      SLACcitation   = "%%CITATION = ARXIV:1710.09212;%%"
}

@article{Ce:2017ndt,
      author         = "Cè, Marco and Giusti, Leonardo and Schaefer, Stefan",
      title          = "{Local multiboson factorization of the quark
                        determinant}",
      booktitle      = "{Proceedings, 35th International Symposium on Lattice
                        Field Theory (Lattice 2017): Granada, Spain, June 18-24,
                        2017}",
      journal        = "EPJ Web Conf.",
      volume         = "175",
      year           = "2018",
      pages          = "11005",
      doi            = "10.1051/epjconf/201817511005",
      eprint         = "1711.01592",
      archivePrefix  = "arXiv",
      primaryClass   = "hep-lat",
      reportNumber   = "HIM-2017-06, CERN-TH-2017-221, DESY-17-167",
      SLACcitation   = "%%CITATION = ARXIV:1711.01592;%%"
}



@article{Duane:1987de,
  author         = "Duane, S. and Kennedy, A. D. and Pendleton, B. J. and
    Roweth, D.",
  title          = "{Hybrid Monte Carlo}",
  journal        = "Phys. Lett.",
  volume         = "B195",
  year           = "1987",
  pages          = "216-222",
  doi            = "10.1016/0370-2693(87)91197-X",
  SLACcitation   = "%%CITATION = PHLTA,B195,216;%%"
}


@article{Parisi:1983ae,
  author         = "Parisi, G.",
  title          = "{The Strategy for Computing the Hadronic Mass Spectrum}",
  booktitle      = "{COMMON TRENDS IN PARTICLE AND CONDENSED MATTER PHYSICS.
    PROCEEDINGS, WINTER ADVANCED STUDY INSTITUTE, LES HOUCHES,
  FRANCE, FEBRUARY 23 - MARCH 11, 1983}",
journal        = "Phys. Rept.",
volume         = "103",
year           = "1984",
pages          = "203-211",
doi            = "10.1016/0370-1573(84)90081-4",
reportNumber   = "LNF-83-36-P, C83-02-28.2",
SLACcitation   = "%%CITATION = PRPLC,103,203;%%"
}


@inproceedings{Lepage:1989hd,
  author         = "Lepage, G. Peter",
  title          = "{The Analysis of Algorithms for Lattice Field Theory}",
  booktitle      = "{Boulder ASI 1989:97-120}",
  url            = "http://alice.cern.ch/format/showfull?sysnb=0117836",
  year           = "1989",
  pages          = "97-120",
  reportNumber   = "CLNS-89-971, C89-06-04",
  SLACcitation   = "%%CITATION = CLNS-89-971;%%"
}

@article{Luscher:1993xx,
  author         = "{L\"uscher}, Martin",
  title          = "{A New approach to the problem of dynamical quarks in numerical simulations of lattice QCD}",
journal        = "Nucl. Phys.",
volume         = "B418",
year           = "1994",
pages          = "637-648",
doi            = "10.1016/0550-3213(94)90533-9",
eprint         = "hep-lat/9311007",
archivePrefix  = "arXiv",
primaryClass   = "hep-lat",
reportNumber   = "DESY-93-148",
SLACcitation   = "%%CITATION = HEP-LAT/9311007;%%"
}


@article{Jegerlehner:1994cd,
  author         = "Jegerlehner, B.",
  title          = "{Study of a new simulation algorithm for dynamical quarks
    on the APE-100 parallel computer}",
booktitle      = "{LATTICE 94: 12th International Symposium on Lattice
  Field Theory Bielefeld, Germany, September 27-October 1,
1994}",
journal        = "Nucl. Phys. Proc. Suppl.",
volume         = "42",
year           = "1995",
pages          = "879-881",
doi            = "10.1016/0920-5632(95)00409-3",
eprint         = "hep-lat/9411065",
archivePrefix  = "arXiv",
primaryClass   = "hep-lat",
SLACcitation   = "%%CITATION = HEP-LAT/9411065;%%"
}

@article{Luscher:2005rx,
  author         = "{L\"uscher}, Martin",
  title          = "{Schwarz-preconditioned HMC algorithm for two-flavour lattice QCD}",
journal        = "Comput. Phys. Commun.",
volume         = "165",
year           = "2005",
pages          = "199-220",
doi            = "10.1016/j.cpc.2004.10.004",
eprint         = "hep-lat/0409106",
archivePrefix  = "arXiv",
primaryClass   = "hep-lat",
reportNumber   = "CERN-PH-TH-2004-177",
SLACcitation   = "%%CITATION = HEP-LAT/0409106;%%"
}

@article{Ce:2016idq,
  author         = "{C\`e}, Marco and Giusti, Leonardo and Schaefer, Stefan",
  title          = "{Domain decomposition, multi-level integration and
    exponential noise reduction in lattice QCD}",
journal        = "Phys. Rev.",
volume         = "D93",
year           = "2016",
number         = "9",
pages          = "094507",
doi            = "10.1103/PhysRevD.93.094507",
eprint         = "1601.04587",
archivePrefix  = "arXiv",
primaryClass   = "hep-lat",
reportNumber   = "DESY-16-007",
SLACcitation   = "%%CITATION = ARXIV:1601.04587;%%"
}

@article{Borici:1995bk,
  author         = "Borici, Artan and de Forcrand, Philippe",
  title          = "{Variants of L\"uscher's fermion algorithm}",
  booktitle      = "{Lattice '95. Proceedings, International Symposium on
    Lattice Field Theory, Melbourne, Australia, July 11-15,
  1995}",
journal        = "Nucl. Phys. Proc. Suppl.",
volume         = "47",
year           = "1996",
pages          = "800-803",
doi            = "10.1016/0920-5632(96)00178-8",
eprint         = "hep-lat/9509080",
archivePrefix  = "arXiv",
primaryClass   = "hep-lat",
reportNumber   = "IPS-95-23, C95-07-11",
SLACcitation   = "%%CITATION = HEP-LAT/9509080;%%"
}

@article{Borici:1995np,
  author         = "Borici, Artan and de Forcrand, Philippe",
  title          = "{Systematic errors of L\"uscher's fermion method and its extensions}",
journal        = "Nucl. Phys.",
volume         = "B454",
year           = "1995",
pages          = "645-662",
doi            = "10.1016/0550-3213(95)00429-V",
eprint         = "hep-lat/9505021",
archivePrefix  = "arXiv",
primaryClass   = "hep-lat",
reportNumber   = "IPS-95-13",
SLACcitation   = "%%CITATION = HEP-LAT/9505021;%%"
}

@article{Jegerlehner:1995wb,
  author         = "Jegerlehner, Beat",
  title          = "{Improvements of {L\"uscher}'s local bosonic fermion
    algorithm}",
journal        = "Nucl. Phys.",
volume         = "B465",
year           = "1996",
pages          = "487-506",
doi            = "10.1016/0550-3213(96)00055-7",
eprint         = "hep-lat/9512001",
archivePrefix  = "arXiv",
primaryClass   = "hep-lat",
reportNumber   = "MPI-PHT-95-119",
SLACcitation   = "%%CITATION = HEP-LAT/9512001;%%"
}

@article{Luscher:1996sc,
  author         = "{L\"uscher}, Martin and Sint, Stefan and Sommer, Rainer and
    Weisz, Peter",
  title          = "{Chiral symmetry and O(a) improvement in lattice QCD}",
  journal        = "Nucl. Phys.",
  volume         = "B478",
  year           = "1996",
  pages          = "365-400",
  doi            = "10.1016/0550-3213(96)00378-1",
  eprint         = "hep-lat/9605038",
  archivePrefix  = "arXiv",
  primaryClass   = "hep-lat",
  reportNumber   = "DESY-96-086, CERN-TH-96-138, MPI-PHT-96-38",
  SLACcitation   = "%%CITATION = HEP-LAT/9605038;%%"
}

@article{Sheikholeslami:1985ij,
  author         = "Sheikholeslami, B. and Wohlert, R.",
  title          = "{Improved Continuum Limit Lattice Action for QCD with
    Wilson Fermions}",
journal        = "Nucl. Phys.",
volume         = "B259",
year           = "1985",
pages          = "572",
doi            = "10.1016/0550-3213(85)90002-1",
reportNumber   = "DESY-85-024",
SLACcitation   = "%%CITATION = NUPHA,B259,572;%%"
}

@article{Luscher:2001up,
  author         = "{L\"uscher}, Martin and Weisz, Peter",
  title          = "{Locality and exponential error reduction in numerical lattice gauge theory}",
journal        = "JHEP",
volume         = "09",
year           = "2001",
pages          = "010",
doi            = "10.1088/1126-6708/2001/09/010",
eprint         = "hep-lat/0108014",
archivePrefix  = "arXiv",
primaryClass   = "hep-lat",
reportNumber   = "CERN-TH-2001-208, UT-CCP-P-110, MPI-PHT-2001-25",
SLACcitation   = "%%CITATION = HEP-LAT/0108014;%%"
}

@article{Meyer:2002cd,
      author         = "Meyer, Harvey B.",
      title          = "{Locality and statistical error reduction on correlation
                        functions}",
      journal        = "JHEP",
      volume         = "01",
      year           = "2003",
      pages          = "048",
      doi            = "10.1088/1126-6708/2003/01/048",
      eprint         = "hep-lat/0209145",
      archivePrefix  = "arXiv",
      primaryClass   = "hep-lat",
      SLACcitation   = "%%CITATION = HEP-LAT/0209145;%%"
}

@article{DellaMorte:2007zz,
      author         = "Della Morte, Michele and Giusti, Leonardo",
      title          = "{Exploiting symmetries for exponential error reduction in
                        path integral Monte Carlo}",
      journal        = "Comput. Phys. Commun.",
      volume         = "180",
      year           = "2009",
      pages          = "813-818",
      doi            = "10.1016/j.cpc.2008.10.017",
      reportNumber   = "CERN-PH-TH-2007-196",
      SLACcitation   = "%%CITATION = CPHCB,180,813;%%"
}

@article{DellaMorte:2008jd,
      author         = "Della Morte, Michele and Giusti, Leonardo",
      title          = "{Symmetries and exponential error reduction in Yang-Mills
                        theories on the lattice}",
      journal        = "Comput. Phys. Commun.",
      volume         = "180",
      year           = "2009",
      pages          = "819-826",
      doi            = "10.1016/j.cpc.2009.03.009",
      eprint         = "0806.2601",
      archivePrefix  = "arXiv",
      primaryClass   = "hep-lat",
      reportNumber   = "CERN-PH-TH-2008-112",
      SLACcitation   = "%%CITATION = ARXIV:0806.2601;%%"
}


@article{DellaMorte:2010yp,
      author         = "Della Morte, Michele and Giusti, Leonardo",
      title          = "{A novel approach for computing glueball masses and
                        matrix elements in Yang-Mills theories on the lattice}",
      journal        = "JHEP",
      volume         = "05",
      year           = "2011",
      pages          = "056",
      doi            = "10.1007/JHEP05(2011)056",
      eprint         = "1012.2562",
      archivePrefix  = "arXiv",
      primaryClass   = "hep-lat",
      reportNumber   = "CERN-PH-TH-2010-197, HIM-2010-02, MKPH-T-10-40",
      SLACcitation   = "%%CITATION = ARXIV:1012.2562;%%"
}

@article{Albergo_2019,
	doi = {10.1103/physrevd.100.034515},
  
	url = {https://doi.org/10.1103%2Fphysrevd.100.034515},
  
	year = 2019,
	month = {aug},
  
	publisher = {American Physical Society ({APS})},
  
	volume = {100},
  
	number = {3},
  
	author = {M.{\hspace{0.167em}
}S. Albergo and G. Kanwar and P.{\hspace{0.167em}}E. Shanahan},
  
	title = {Flow-based generative models for Markov chain Monte~Carlo in lattice field theory},
  
	journal = {Physical Review D}
}

@article{Kanwar_2020,
	doi = {10.1103/physrevlett.125.121601},
  
	url = {https://doi.org/10.1103%2Fphysrevlett.125.121601},
  
	year = 2020,
	month = {sep},
  
	publisher = {American Physical Society ({APS})},
  
	volume = {125},
  
	number = {12},
  
	author = {Gurtej Kanwar and Michael S. Albergo and Denis Boyda and Kyle Cranmer and Daniel C. Hackett and S{\'{e}
}bastien Racani{\`{e}}re and Danilo Jimenez Rezende and Phiala E. Shanahan},
  
	title = {Equivariant Flow-Based Sampling for Lattice Gauge Theory},
  
	journal = {Physical Review Letters}
}

@misc{Abbott_2022,
  doi = {10.48550/ARXIV.2207.08945},
  
  url = {https://arxiv.org/abs/2207.08945},
  
  author = {Abbott, Ryan and Albergo, Michael S. and Boyda, Denis and Cranmer, Kyle and Hackett, Daniel C. and Kanwar, Gurtej and Racanière, Sébastien and Rezende, Danilo J. and Romero-López, Fernando and Shanahan, Phiala E. and Tian, Betsy and Urban, Julian M.},
  
  keywords = {High Energy Physics - Lattice (hep-lat), Machine Learning (cs.LG), FOS: Physical sciences, FOS: Physical sciences, FOS: Computer and information sciences, FOS: Computer and information sciences},
  
  title = {Gauge-equivariant flow models for sampling in lattice field theories with pseudofermions},
  
  publisher = {arXiv},
  
  year = {2022},
  
  copyright = {arXiv.org perpetual, non-exclusive license}
}

