@article{Luscher:2004pav,
    author = "Luscher, Martin",
    title = "{Schwarz-preconditioned HMC algorithm for two-flavour lattice QCD}",
    eprint = "hep-lat/0409106",
    archivePrefix = "arXiv",
    reportNumber = "CERN-PH-TH-2004-177",
    doi = "10.1016/j.cpc.2004.10.004",
    journal = "Comput. Phys. Commun.",
    volume = "165",
    pages = "199--220",
    year = "2005"
}

@article{Giusti:2018cmp,
    author = {Giusti, Leonardo and L\"uscher, Martin},
    title = "{Topological susceptibility at $T>T_{\rm c}$ from master-field simulations of the SU(3) gauge theory}",
    eprint = "1812.02062",
    archivePrefix = "arXiv",
    primaryClass = "hep-lat",
    reportNumber = "CERN-TH-2018-259",
    doi = "10.1140/epjc/s10052-019-6706-7",
    journal = "Eur. Phys. J. C",
    volume = "79",
    number = "3",
    pages = "207",
    year = "2019"
}

@article{Luscher:2017cjh,
    author = {L\"uscher, Martin},
    editor = "Della Morte, M. and Fritzsch, P. and G\'amiz S\'anchez, E. and Pena Ruano, C.",
    title = "{Stochastic locality and master-field simulations of very large lattices}",
    eprint = "1707.09758",
    archivePrefix = "arXiv",
    primaryClass = "hep-lat",
    reportNumber = "CERN-TH-2017-171",
    doi = "10.1051/epjconf/201817501002",
    journal = "EPJ Web Conf.",
    volume = "175",
    pages = "01002",
    year = "2018"
}

@article{Francis:2019muy,
    author = {Francis, Anthony and Fritzsch, Patrick and L\"uscher, Martin and Rago, Antonio},
    title = "{Master-field simulations of O($a$)-improved lattice QCD: Algorithms, stability and exactness}",
    eprint = "1911.04533",
    archivePrefix = "arXiv",
    primaryClass = "hep-lat",
    reportNumber = "CERN-TH-2019-182",
    doi = "10.1016/j.cpc.2020.107355",
    journal = "Comput. Phys. Commun.",
    volume = "255",
    pages = "107355",
    year = "2020"
}

@article{Luscher:2003qa,
    author = "L{\"u}scher, Martin",
    title = "{Solution of the Dirac equation in lattice QCD using a domain decomposition method}",
    eprint = "hep-lat/0310048",
    archivePrefix = "arXiv",
    reportNumber = "CERN-TH-2003-250",
    doi = "10.1016/S0010-4655(03)00486-7",
    journal = "Comput. Phys. Commun.",
    volume = "156",
    pages = "209--220",
    year = "2004"
}

@article{Luscher:2003vf,
    author = "L{\"u}scher, Martin",
    title = "{Lattice QCD and the Schwarz alternating procedure}",
    eprint = "hep-lat/0304007",
    archivePrefix = "arXiv",
    reportNumber = "CERN-TH-2003-088",
    doi = "10.1088/1126-6708/2003/05/052",
    journal = "JHEP",
    volume = "05",
    pages = "052",
    year = "2003"
}


@article{DallaBrida:2020cik,
    author = "Dalla Brida, Mattia and Giusti, Leonardo and Harris, Tim and Pepe, Michele",
    title = "{Multi-level Monte Carlo computation of the hadronic vacuum polarization contribution to $(g_\mu-2)$}",
    eprint = "2007.02973",
    archivePrefix = "arXiv",
    primaryClass = "hep-lat",
    doi = "10.1016/j.physletb.2021.136191",
    journal = "Phys. Lett. B",
    volume = "816",
    pages = "136191",
    year = "2021"
}

@article{DellaMorte:2017dyu,
      author         = "Della Morte, M. and Francis, A. and Gülpers, V. and
                        Herdoíza, G. and von Hippel, G. and Horch, H. and Jäger,
                        B. and Meyer, H. B. and Nyffeler, A. and Wittig, H.",
      title          = "{The hadronic vacuum polarization contribution to the
                        muon $g-2$ from lattice QCD}",
      journal        = "JHEP",
      volume         = "10",
      year           = "2017",
      pages          = "020",
      doi            = "10.1007/JHEP10(2017)020",
      eprint         = "1705.01775",
      archivePrefix  = "arXiv",
      primaryClass   = "hep-lat",
      reportNumber   = "CP3-ORIGINS-2017-015, HIM-2017-02, IFT-UAM-CSIC-17-039,
                        MITP-17-030",
      SLACcitation   = "%%CITATION = ARXIV:1705.01775;%%"
}


@article{DelDebbio:2006cn,
      author         = "Del Debbio, L. and Giusti, Leonardo and L{\"u}scher, M. and
                        Petronzio, R. and Tantalo, N.",
      title          = "{QCD with light Wilson quarks on fine lattices (I): First
                        experiences and physics results}",
      journal        = "JHEP",
      volume         = "02",
      year           = "2007",
      pages          = "056",
      doi            = "10.1088/1126-6708/2007/02/056",
      eprint         = "hep-lat/0610059",
      archivePrefix  = "arXiv",
      primaryClass   = "hep-lat",
      reportNumber   = "CERN-PH-TH-2006-198",
      SLACcitation   = "%%CITATION = HEP-LAT/0610059;%%"
}

@article{DelDebbio:2007pz,
      author         = "Del Debbio, L. and Giusti, Leonardo and L{\"u}scher, M. and
                        Petronzio, R. and Tantalo, N.",
      title          = "{QCD with light Wilson quarks on fine lattices. II.
                        DD-HMC simulations and data analysis}",
      journal        = "JHEP",
      volume         = "02",
      year           = "2007",
      pages          = "082",
      doi            = "10.1088/1126-6708/2007/02/082",
      eprint         = "hep-lat/0701009",
      archivePrefix  = "arXiv",
      primaryClass   = "hep-lat",
      reportNumber   = "CERN-PH-TH-2006-261",
      SLACcitation   = "%%CITATION = HEP-LAT/0701009;%%"
}

@article{Bhattacharya:2005rb,
     author         = "Bhattacharya, Tanmoy and Gupta, Rajan and Lee, Weonjong
                       and Sharpe, Stephen R. and Wu, Jackson M. S.",
     title          = "{Improved bilinears in lattice QCD with non-degenerate
                       quarks}",
     journal        = "Phys. Rev.",
     volume         = "D73",
     year           = "2006",
     pages          = "034504",
     doi            = "10.1103/PhysRevD.73.034504",
     eprint         = "hep-lat/0511014",
     archivePrefix  = "arXiv",
     primaryClass   = "hep-lat",
     reportNumber   = "LA-UR-05-8131",
     SLACcitation   = "%%CITATION = HEP-LAT/0511014;%%"
}

@article{Bernecker:2011gh,
     author         = "Bernecker, David and Meyer, Harvey B.",
     title          = "{Vector Correlators in Lattice QCD: Methods and
                       applications}",
     journal        = "Eur. Phys. J.",
     volume         = "A47",
     year           = "2011",
     pages          = "148",
     doi            = "10.1140/epja/i2011-11148-6",
     eprint         = "1107.4388",
     archivePrefix  = "arXiv",
     primaryClass   = "hep-lat",
     SLACcitation   = "%%CITATION = ARXIV:1107.4388;%%"
}

@article{DallaBrida:2018tpn,
     author         = "Dalla Brida, Mattia and Korzec, Tomasz and Sint, Stefan
                       and Vilaseca, Pol",
     title          = "{High precision renormalization of the flavour
                       non-singlet Noether currents in lattice QCD with Wilson
                       quarks}",
     journal        = "Eur. Phys. J.",
     volume         = "C79",
     year           = "2019",
     number         = "1",
     pages          = "23",
     doi            = "10.1140/epjc/s10052-018-6514-5",
     eprint         = "1808.09236",
     archivePrefix  = "arXiv",
     primaryClass   = "hep-lat",
     SLACcitation   = "%%CITATION = ARXIV:1808.09236;%%"
}

@article{Gerardin:2018kpy,
     author         = "Gerardin, Antoine and Harris, Tim and Meyer, Harvey B.",
     title          = "{Nonperturbative renormalization and $O(a)$-improvement
                       of the nonsinglet vector current with $N_f=2+1$ Wilson
                       fermions and tree-level Symanzik improved gauge action}",
     journal        = "Phys. Rev.",
     volume         = "D99",
     year           = "2019",
     number         = "1",
     pages          = "014519",
     doi            = "10.1103/PhysRevD.99.014519",
     eprint         = "1811.08209",
     archivePrefix  = "arXiv",
     primaryClass   = "hep-lat",
     reportNumber   = "MITP/18-106",
     SLACcitation   = "%%CITATION = ARXIV:1811.08209;%%"
}

@article{openQCD1.6,
 eprint          = "{http://luscher.web.cern.ch/luscher/openQCD/}"
} 

@article{Dinter:2012tt,
      author         = "Dinter, Simon and Drach, Vincent and Frezzotti, Roberto
                        and Herdoiza, Gregorio and Jansen, Karl and Rossi,
                        Giancarlo",
      title          = "{Sigma terms and strangeness content of the nucleon with
                        $N_f=2+1+1$ twisted mass fermions}",
      collaboration  = "ETM",
      journal        = "JHEP",
      volume         = "08",
      year           = "2012",
      pages          = "037",
      doi            = "10.1007/JHEP08(2012)037",
      eprint         = "1202.1480",
      archivePrefix  = "arXiv",
      primaryClass   = "hep-lat",
      reportNumber   = "FTUAM-11-64, IFT-UAM-CSIC-11-94, DESY-12-021,
                        SFB-CPP-12-07, ROM2F-2012-01",
      SLACcitation   = "%%CITATION = ARXIV:1202.1480;%%"
}

@article{Boucaud:2008xu,
      author         = "Boucaud, Philippe and others",
      title          = "{Dynamical Twisted Mass Fermions with Light Quarks:
                        Simulation and Analysis Details}",
      collaboration  = "ETM",
      journal        = "Comput. Phys. Commun.",
      volume         = "179",
      year           = "2008",
      pages          = "695-715",
      doi            = "10.1016/j.cpc.2008.06.013",
      eprint         = "0803.0224",
      archivePrefix  = "arXiv",
      primaryClass   = "hep-lat",
      reportNumber   = "DESY-08-022, IFIC-08-08, FTUV-08-1302, MS-TP-08-3,
                        RM3-TH-08-5, ROM2F-2008-04, SFB-CPP-08-17, LTH-762",
      SLACcitation   = "%%CITATION = ARXIV:0803.0224;%%"
}

@article{Xiong:2019pmh,
      author         = "Xiong, Guang-Yi and Zhang, Jian-Bo and Zou, You-Hao",
      title          = "{Evaluating topological charge density with symmetric
                        multi-probing method}",
      year           = "2019",
      eprint         = "1901.02211",
      archivePrefix  = "arXiv",
      primaryClass   = "hep-lat",
      SLACcitation   = "%%CITATION = ARXIV:1901.02211;%%"
}

@inproceedings{Giusti:2018vxm,
      author         = "Giusti, Leonardo and Harris, Tim and Nada, Alessandro and
                        Schaefer, Stefan",
      title          = "{Multi-level integration for meson propagators}",
      booktitle      = "{36th International Symposium on Lattice Field Theory
                        (Lattice 2018) East Lansing, MI, United States, July
                        22-28, 2018}",
      year           = "2018",
      eprint         = "1812.01875",
      archivePrefix  = "arXiv",
      primaryClass   = "hep-lat",
      reportNumber   = "DESY-18-186",
      SLACcitation   = "%%CITATION = ARXIV:1812.01875;%%"
}

@article{Stathopoulos:2013aci,
      author         = "Stathopoulos, Andreas and Laeuchli, Jesse and Orginos,
                        Kostas",
      title          = "{Hierarchical probing for estimating the trace of the
                        matrix inverse on toroidal lattices}",
      year           = "2013",
      eprint         = "1302.4018",
      archivePrefix  = "arXiv",
      primaryClass   = "hep-lat",
      reportNumber   = "JLAB-THY-13-1725",
      SLACcitation   = "%%CITATION = ARXIV:1302.4018;%%"
}

@article{Tang:2010,
      author = {Tang, Jok M. and Saad, Yousef},
      title = {A probing method for computing the diagonal of a matrix inverse},
      journal = {Numerical Linear Algebra with Applications},
      volume = {19},
      number = {3},
      pages = {485-501},
      keywords = {matrix diagonal extraction, probing, sparse approximate inverses, graph theory, Krylov-subspace methods, Green's functions, covariance matrices},
      doi = {10.1002/nla.779},
      url = {https://onlinelibrary.wiley.com/doi/abs/10.1002/nla.779},
      eprint = {https://onlinelibrary.wiley.com/doi/pdf/10.1002/nla.779},
      year = {2012}
}


@article{Giusti:2008vb,
      author         = "Giusti, Leonardo and L{\"u}scher, Martin",
      title          = "{Chiral symmetry breaking and the Banks-Casher relation
                        in lattice QCD with Wilson quarks}",
      journal        = "JHEP",
      volume         = "03",
      year           = "2009",
      pages          = "013",
      doi            = "10.1088/1126-6708/2009/03/013",
      eprint         = "0812.3638",
      archivePrefix  = "arXiv",
      primaryClass   = "hep-lat",
      reportNumber   = "CERN-PH-TH-2008-239",
      SLACcitation   = "%%CITATION = ARXIV:0812.3638;%%"
}

@article{Bali:2009hu,
      author         = "Bali, Gunnar S. and Collins, Sara and Schafer, Andreas",
      title          = "{Effective noise reduction techniques for disconnected
                        loops in Lattice QCD}",
      journal        = "Comput. Phys. Commun.",
      volume         = "181",
      year           = "2010",
      pages          = "1570-1583",
      doi            = "10.1016/j.cpc.2010.05.008",
      eprint         = "0910.3970",
      archivePrefix  = "arXiv",
      primaryClass   = "hep-lat",
      SLACcitation   = "%%CITATION = ARXIV:0910.3970;%%"
}


@article{McNeile:2000xx,
      author         = "McNeile, Craig and Michael, Christopher",
      title          = "{Mixing of scalar glueballs and flavor singlet scalar
                        mesons}",
      collaboration  = "UKQCD",
      journal        = "Phys. Rev.",
      volume         = "D63",
      year           = "2001",
      pages          = "114503",
      doi            = "10.1103/PhysRevD.63.114503",
      eprint         = "hep-lat/0010019",
      archivePrefix  = "arXiv",
      primaryClass   = "hep-lat",
      SLACcitation   = "%%CITATION = HEP-LAT/0010019;%%"
}


@article{Thron:1997iy,
      author         = "Thron, C. and Dong, S. J. and Liu, K. F. and Ying, H. P.",
      title          = "{Pade - Z(2) estimator of determinants}",
      journal        = "Phys. Rev.",
      volume         = "D57",
      year           = "1998",
      pages          = "1642-1653",
      doi            = "10.1103/PhysRevD.57.1642",
      eprint         = "hep-lat/9707001",
      archivePrefix  = "arXiv",
      primaryClass   = "hep-lat",
      reportNumber   = "UK-97-12",
      SLACcitation   = "%%CITATION = HEP-LAT/9707001;%%"
}

@article{Engel:2014eea,
      author         = "Engel, Georg P. and Giusti, Leonardo and Lottini, Stefano
                        and Sommer, Rainer",
      title          = "{Spectral density of the Dirac operator in two-flavor
                        QCD}",
      journal        = "Phys. Rev.",
      volume         = "D91",
      year           = "2015",
      number         = "5",
      pages          = "054505",
      doi            = "10.1103/PhysRevD.91.054505",
      eprint         = "1411.6386",
      archivePrefix  = "arXiv",
      primaryClass   = "hep-lat",
      SLACcitation   = "%%CITATION = ARXIV:1411.6386;%%"
}


@inproceedings{Luscher:2010ae,
      author         = "L{\"u}scher, Martin",
      title          = "{Computational Strategies in Lattice QCD}",
      booktitle      = "{Modern perspectives in lattice QCD: Quantum field theory
                        and high performance computing. Proceedings, International
                        School, 93rd Session, Les Houches, France, August 3-28,
                        2009}",
      year           = "2010",
      pages          = "331-399",
      eprint         = "1002.4232",
      archivePrefix  = "arXiv",
      primaryClass   = "hep-lat",
      reportNumber   = "CERN-PH-TH-2010-047",
      SLACcitation   = "%%CITATION = ARXIV:1002.4232;%%"
}

@article{Luscher:2004fu,
      author         = "L{\"u}scher, Martin",
      title          = "{Topological effects in QCD and the problem of short
                        distance singularities}",
      journal        = "Phys. Lett.",
      volume         = "B593",
      year           = "2004",
      pages          = "296-301",
      doi            = "10.1016/j.physletb.2004.04.076",
      eprint         = "hep-th/0404034",
      archivePrefix  = "arXiv",
      primaryClass   = "hep-th",
      reportNumber   = "CERN-PH-TH-2004-062",
      SLACcitation   = "%%CITATION = HEP-TH/0404034;%%"
}

@article{Blum:2012uh,
      author         = "Blum, Thomas and Izubuchi, Taku and Shintani, Eigo",
      title          = "{New class of variance-reduction techniques using lattice
                        symmetries}",
      journal        = "Phys. Rev.",
      volume         = "D88",
      year           = "2013",
      number         = "9",
      pages          = "094503",
      doi            = "10.1103/PhysRevD.88.094503",
      eprint         = "1208.4349",
      archivePrefix  = "arXiv",
      primaryClass   = "hep-lat",
      reportNumber   = "RBRC-967",
      SLACcitation   = "%%CITATION = ARXIV:1208.4349;%%"
}


@article{DeGrand:2004qw,
      author         = "DeGrand, Thomas A. and Schaefer, Stefan",
      title          = "{Improving meson two point functions in lattice QCD}",
      journal        = "Comput. Phys. Commun.",
      volume         = "159",
      year           = "2004",
      pages          = "185-191",
      doi            = "10.1016/j.cpc.2004.02.006",
      eprint         = "hep-lat/0401011",
      archivePrefix  = "arXiv",
      primaryClass   = "hep-lat",
      reportNumber   = "COLO-HEP-497",
      SLACcitation   = "%%CITATION = HEP-LAT/0401011;%%"
}


@article{Giusti:2004yp,
      author         = "Giusti, Leonardo and Hernandez, P. and Laine, M. and
                        Weisz, P. and Wittig, H.",
      title          = "{Low-energy couplings of QCD from current correlators
                        near the chiral limit}",
      journal        = "JHEP",
      volume         = "04",
      year           = "2004",
      pages          = "013",
      doi            = "10.1088/1126-6708/2004/04/013",
      eprint         = "hep-lat/0402002",
      archivePrefix  = "arXiv",
      primaryClass   = "hep-lat",
      reportNumber   = "BI-TP-2004-03, CPT-2003-P-4622, DESY-04-009,
                        FTUV-04-0203, IFIC-04-04, MPP-2004-6",
      SLACcitation   = "%%CITATION = HEP-LAT/0402002;%%"
}

@article{Neff:2001zr,
      author         = "Neff, H. and Eicker, N. and Lippert, T. and Negele, John
                        W. and Schilling, K.",
      title          = "{On the low fermionic eigenmode dominance in QCD on the
                        lattice}",
      journal        = "Phys. Rev.",
      volume         = "D64",
      year           = "2001",
      pages          = "114509",
      doi            = "10.1103/PhysRevD.64.114509",
      eprint         = "hep-lat/0106016",
      archivePrefix  = "arXiv",
      primaryClass   = "hep-lat",
      SLACcitation   = "%%CITATION = HEP-LAT/0106016;%%"
}

@article{Michael:1998sg,
      author         = "Michael, Christopher and Peisa, J.",
      title          = "{Maximal variance reduction for stochastic propagators
                        with applications to the static quark spectrum}",
      collaboration  = "UKQCD",
      journal        = "Phys. Rev.",
      volume         = "D58",
      year           = "1998",
      pages          = "034506",
      doi            = "10.1103/PhysRevD.58.034506",
      eprint         = "hep-lat/9802015",
      archivePrefix  = "arXiv",
      primaryClass   = "hep-lat",
      reportNumber   = "LTH-420",
      SLACcitation   = "%%CITATION = HEP-LAT/9802015;%%"
}


@article{Dong:1993pk,
      author         = "Dong, Shao-Jing and Liu, Keh-Fei",
      title          = "{Stochastic estimation with Z(2) noise}",
      journal        = "Phys. Lett.",
      volume         = "B328",
      year           = "1994",
      pages          = "130-136",
      doi            = "10.1016/0370-2693(94)90440-5",
      eprint         = "hep-lat/9308015",
      archivePrefix  = "arXiv",
      primaryClass   = "hep-lat",
      reportNumber   = "UK-93-04",
      SLACcitation   = "%%CITATION = HEP-LAT/9308015;%%"
}


@article{Bitar:1988bb,
      author         = "Bitar, K. and Kennedy, A. D. and Horsley, R. and Meyer,
                        S. and Rossi, P.",
      title          = "{The {QCD} Finite Temperature Transition and Hybrid Monte
                        Carlo}",
      journal        = "Nucl. Phys.",
      volume         = "B313",
      year           = "1989",
      pages          = "348-376",
      doi            = "10.1016/0550-3213(89)90323-4",
      SLACcitation   = "%%CITATION = NUPHA,B313,348;%%"
}

@article{Ce:2016ajy,
      author         = "Cè, Marco and Giusti, Leonardo and Schaefer, Stefan",
      title          = "{A local factorization of the fermion determinant in
                        lattice QCD}",
      journal        = "Phys. Rev.",
      volume         = "D95",
      year           = "2017",
      number         = "3",
      pages          = "034503",
      doi            = "10.1103/PhysRevD.95.034503",
      eprint         = "1609.02419",
      archivePrefix  = "arXiv",
      primaryClass   = "hep-lat",
      reportNumber   = "DESY-16-178",
      SLACcitation   = "%%CITATION = ARXIV:1609.02419;%%"
}

@article{Giusti:2017ksp,
      author         = "Giusti, Leonardo and Cè, Marco and Schaefer, Stefan",
      title          = "{Multi-boson block factorization of fermions}",
      booktitle      = "{Proceedings, 35th International Symposium on Lattice
                        Field Theory (Lattice 2017): Granada, Spain, June 18-24,
                        2017}",
      journal        = "EPJ Web Conf.",
      volume         = "175",
      year           = "2018",
      pages          = "01003",
      doi            = "10.1051/epjconf/201817501003",
      eprint         = "1710.09212",
      archivePrefix  = "arXiv",
      primaryClass   = "hep-lat",
      reportNumber   = "CERN-TH-2017-195, DESY-17-170, HIM-2017-07",
      SLACcitation   = "%%CITATION = ARXIV:1710.09212;%%"
}

@article{Ce:2017ndt,
      author         = "Cè, Marco and Giusti, Leonardo and Schaefer, Stefan",
      title          = "{Local multiboson factorization of the quark
                        determinant}",
      booktitle      = "{Proceedings, 35th International Symposium on Lattice
                        Field Theory (Lattice 2017): Granada, Spain, June 18-24,
                        2017}",
      journal        = "EPJ Web Conf.",
      volume         = "175",
      year           = "2018",
      pages          = "11005",
      doi            = "10.1051/epjconf/201817511005",
      eprint         = "1711.01592",
      archivePrefix  = "arXiv",
      primaryClass   = "hep-lat",
      reportNumber   = "HIM-2017-06, CERN-TH-2017-221, DESY-17-167",
      SLACcitation   = "%%CITATION = ARXIV:1711.01592;%%"
}



@article{Duane:1987de,
  author         = "Duane, S. and Kennedy, A. D. and Pendleton, B. J. and
    Roweth, D.",
  title          = "{Hybrid Monte Carlo}",
  journal        = "Phys. Lett.",
  volume         = "B195",
  year           = "1987",
  pages          = "216-222",
  doi            = "10.1016/0370-2693(87)91197-X",
  SLACcitation   = "%%CITATION = PHLTA,B195,216;%%"
}


@article{Parisi:1983ae,
  author         = "Parisi, G.",
  title          = "{The Strategy for Computing the Hadronic Mass Spectrum}",
  booktitle      = "{COMMON TRENDS IN PARTICLE AND CONDENSED MATTER PHYSICS.
    PROCEEDINGS, WINTER ADVANCED STUDY INSTITUTE, LES HOUCHES,
  FRANCE, FEBRUARY 23 - MARCH 11, 1983}",
journal        = "Phys. Rept.",
volume         = "103",
year           = "1984",
pages          = "203-211",
doi            = "10.1016/0370-1573(84)90081-4",
reportNumber   = "LNF-83-36-P, C83-02-28.2",
SLACcitation   = "%%CITATION = PRPLC,103,203;%%"
}


@inproceedings{Lepage:1989hd,
  author         = "Lepage, G. Peter",
  title          = "{The Analysis of Algorithms for Lattice Field Theory}",
  booktitle      = "{Boulder ASI 1989:97-120}",
  url            = "http://alice.cern.ch/format/showfull?sysnb=0117836",
  year           = "1989",
  pages          = "97-120",
  reportNumber   = "CLNS-89-971, C89-06-04",
  SLACcitation   = "%%CITATION = CLNS-89-971;%%"
}

@article{Luscher:1993xx,
  author         = "{L\"uscher}, Martin",
  title          = "{A New approach to the problem of dynamical quarks in numerical simulations of lattice QCD}",
journal        = "Nucl. Phys.",
volume         = "B418",
year           = "1994",
pages          = "637-648",
doi            = "10.1016/0550-3213(94)90533-9",
eprint         = "hep-lat/9311007",
archivePrefix  = "arXiv",
primaryClass   = "hep-lat",
reportNumber   = "DESY-93-148",
SLACcitation   = "%%CITATION = HEP-LAT/9311007;%%"
}


@article{Jegerlehner:1994cd,
  author         = "Jegerlehner, B.",
  title          = "{Study of a new simulation algorithm for dynamical quarks
    on the APE-100 parallel computer}",
booktitle      = "{LATTICE 94: 12th International Symposium on Lattice
  Field Theory Bielefeld, Germany, September 27-October 1,
1994}",
journal        = "Nucl. Phys. Proc. Suppl.",
volume         = "42",
year           = "1995",
pages          = "879-881",
doi            = "10.1016/0920-5632(95)00409-3",
eprint         = "hep-lat/9411065",
archivePrefix  = "arXiv",
primaryClass   = "hep-lat",
SLACcitation   = "%%CITATION = HEP-LAT/9411065;%%"
}



@article{Luscher:2005rx,
  author         = "{L\"uscher}, Martin",
  title          = "{Schwarz-preconditioned HMC algorithm for two-flavour lattice QCD}",
journal        = "Comput. Phys. Commun.",
volume         = "165",
year           = "2005",
pages          = "199-220",
doi            = "10.1016/j.cpc.2004.10.004",
eprint         = "hep-lat/0409106",
archivePrefix  = "arXiv",
primaryClass   = "hep-lat",
reportNumber   = "CERN-PH-TH-2004-177",
SLACcitation   = "%%CITATION = HEP-LAT/0409106;%%"
}

@article{Ce:2016idq,
  author         = "{C\`e}, Marco and Giusti, Leonardo and Schaefer, Stefan",
  title          = "{Domain decomposition, multi-level integration and
    exponential noise reduction in lattice QCD}",
journal        = "Phys. Rev.",
volume         = "D93",
year           = "2016",
number         = "9",
pages          = "094507",
doi            = "10.1103/PhysRevD.93.094507",
eprint         = "1601.04587",
archivePrefix  = "arXiv",
primaryClass   = "hep-lat",
reportNumber   = "DESY-16-007",
SLACcitation   = "%%CITATION = ARXIV:1601.04587;%%"
}

@article{Radjavi:1969,
  author = "Radjavi, Heydar and Williams, James P.",
  doi = "10.1307/mmj/1029000220",
  fjournal = "The Michigan Mathematical Journal",
  journal = "Michigan Math. J.",
  month = "07",
  number = "2",
  pages = "177--185",
  publisher = "University of Michigan, Department of Mathematics",
  title = "Products of self-adjoint operators.",
  url = "http://dx.doi.org/10.1307/mmj/1029000220",
  volume = "16",
  year = "1969"
}




@article{Borici:1995bk,
  author         = "Borici, Artan and de Forcrand, Philippe",
  title          = "{Variants of L\"uscher's fermion algorithm}",
  booktitle      = "{Lattice '95. Proceedings, International Symposium on
    Lattice Field Theory, Melbourne, Australia, July 11-15,
  1995}",
journal        = "Nucl. Phys. Proc. Suppl.",
volume         = "47",
year           = "1996",
pages          = "800-803",
doi            = "10.1016/0920-5632(96)00178-8",
eprint         = "hep-lat/9509080",
archivePrefix  = "arXiv",
primaryClass   = "hep-lat",
reportNumber   = "IPS-95-23, C95-07-11",
SLACcitation   = "%%CITATION = HEP-LAT/9509080;%%"
}

@article{Borici:1995np,
  author         = "Borici, Artan and de Forcrand, Philippe",
  title          = "{Systematic errors of L\"uscher's fermion method and its extensions}",
journal        = "Nucl. Phys.",
volume         = "B454",
year           = "1995",
pages          = "645-662",
doi            = "10.1016/0550-3213(95)00429-V",
eprint         = "hep-lat/9505021",
archivePrefix  = "arXiv",
primaryClass   = "hep-lat",
reportNumber   = "IPS-95-13",
SLACcitation   = "%%CITATION = HEP-LAT/9505021;%%"
}


@article{Fritzsch:2012wq,
  author         = "Fritzsch, Patrick and Knechtli, Francesco and Leder,
  {Bj\"orn} and Marinkovic, Marina and Schaefer, Stefan and
    Sommer, Rainer and Virotta, Francesco",
  title          = "{The strange quark mass and Lambda parameter of two
    flavor QCD}",
journal        = "Nucl. Phys.",
volume         = "B865",
year           = "2012",
pages          = "397-429",
doi            = "10.1016/j.nuclphysb.2012.07.026",
eprint         = "1205.5380",
archivePrefix  = "arXiv",
primaryClass   = "hep-lat",
reportNumber   = "CERN-PH-TH-2012-119, DESY-12-078, HU-EP-12-15,
SFB-CPP-12-24, WUB-12-11, --WUB-12-11",
SLACcitation   = "%%CITATION = ARXIV:1205.5380;%%"
}

@article{Jegerlehner:1995wb,
  author         = "Jegerlehner, Beat",
  title          = "{Improvements of {L\"uscher}'s local bosonic fermion
    algorithm}",
journal        = "Nucl. Phys.",
volume         = "B465",
year           = "1996",
pages          = "487-506",
doi            = "10.1016/0550-3213(96)00055-7",
eprint         = "hep-lat/9512001",
archivePrefix  = "arXiv",
primaryClass   = "hep-lat",
reportNumber   = "MPI-PHT-95-119",
SLACcitation   = "%%CITATION = HEP-LAT/9512001;%%"
}

@article{Luscher:1996sc,
  author         = "{L\"uscher}, Martin and Sint, Stefan and Sommer, Rainer and
    Weisz, Peter",
  title          = "{Chiral symmetry and O(a) improvement in lattice QCD}",
  journal        = "Nucl. Phys.",
  volume         = "B478",
  year           = "1996",
  pages          = "365-400",
  doi            = "10.1016/0550-3213(96)00378-1",
  eprint         = "hep-lat/9605038",
  archivePrefix  = "arXiv",
  primaryClass   = "hep-lat",
  reportNumber   = "DESY-96-086, CERN-TH-96-138, MPI-PHT-96-38",
  SLACcitation   = "%%CITATION = HEP-LAT/9605038;%%"
}

@article{Sheikholeslami:1985ij,
  author         = "Sheikholeslami, B. and Wohlert, R.",
  title          = "{Improved Continuum Limit Lattice Action for QCD with
    Wilson Fermions}",
journal        = "Nucl. Phys.",
volume         = "B259",
year           = "1985",
pages          = "572",
doi            = "10.1016/0550-3213(85)90002-1",
reportNumber   = "DESY-85-024",
SLACcitation   = "%%CITATION = NUPHA,B259,572;%%"
}

@article{Luscher:2012av,
  author         = "L{\"u}scher, Martin and Schaefer, Stefan",
  title          = "{Lattice QCD with open boundary conditions and
    twisted-mass reweighting}",
journal        = "Comput. Phys. Commun.",
volume         = "184",
year           = "2013",
pages          = "519-528",
doi            = "10.1016/j.cpc.2012.10.003",
eprint         = "1206.2809",
archivePrefix  = "arXiv",
primaryClass   = "hep-lat",
reportNumber   = "CERN-PH-TH-2012-161",
SLACcitation   = "%%CITATION = ARXIV:1206.2809;%%"
}

@Article{Manteuffel1977,
author="Manteuffel, Thomas A.",
title="{The Tchebychev iteration for nonsymmetric linear systems}",
journal="Numerische Mathematik",
year="1977",
volume="28",
number="3",
pages="307--327",
abstract="In this paper an iterative method for solving nonsymmetric linear systems based on the Tchebychev polynomials in the complex plane is discussed. The iteration is shown to converge whenever the eigenvalues of the linear system lie in the open right half complex plane. An algorithm is developed for finding optimal iteration parameters as a function of the convex hull of the spectrum.",
issn="0945-3245",
doi="10.1007/BF01389971",
url="http://dx.doi.org/10.1007/BF01389971"
}

@book{Saad:2003,
  author = {Saad, Y.},
  title = {Iterative Methods for Sparse Linear Systems},
  year = {2003},
  isbn = {0898715342},
  edition = {2nd},
  publisher = {Society for Industrial and Applied Mathematics},
  address = {Philadelphia, PA, USA},
} 

@ARTICLE{Hasenbusch:2001ne,
  author = {Hasenbusch, Martin},
  title = {{Speeding up the hybrid Monte Carlo algorithm for dynamical fermions}},
  year = {2001},
  volume = {B519},
  pages = {177-182},
  doi = {10.1016/S0370-2693(01)01102-9},
  eprint = {hep-lat/0107019},
  journal = {Phys.Lett.},
  slaccitation = {%%CITATION = HEP-LAT/0107019;%%}
}


@ARTICLE{Hasenbusch:2002ai,
  author = {Hasenbusch, M. and Jansen, K.},
  title = {{Speeding up lattice QCD simulations with clover improved Wilson
	fermions}},
  year = {2003},
  volume = {B659},
  pages = {299-320},
  doi = {10.1016/S0550-3213(03)00227-X},
  eprint = {hep-lat/0211042},
  journal = {Nucl.Phys.},
  slaccitation = {%%CITATION = HEP-LAT/0211042;%%}
}

@article{Luscher:2007se,
  author         = "{L\"uscher}, Martin",
  title          = "{Local coherence and deflation of the low quark modes in
    lattice QCD}",
journal        = "JHEP",
volume         = "07",
year           = "2007",
pages          = "081",
doi            = "10.1088/1126-6708/2007/07/081",
eprint         = "0706.2298",
archivePrefix  = "arXiv",
primaryClass   = "hep-lat",
reportNumber   = "CERN-PH-TH-2007-096",
SLACcitation   = "%%CITATION = ARXIV:0706.2298;%%"
}

@article{Parisi:1983hm,
  author         = "Parisi, G. and Petronzio, R. and Rapuano, F.",
  title          = "{A Measurement of the String Tension Near the Continuum Limit}",
journal        = "Phys. Lett.",
volume         = "B128",
year           = "1983",
pages          = "418-420",
doi            = "10.1016/0370-2693(83)90930-9",
reportNumber   = "CERN-TH-3596",
SLACcitation   = "%%CITATION = PHLTA,B128,418;%%"
}

@article{Luscher:2001up,
  author         = "{L\"uscher}, Martin and Weisz, Peter",
  title          = "{Locality and exponential error reduction in numerical lattice gauge theory}",
journal        = "JHEP",
volume         = "09",
year           = "2001",
pages          = "010",
doi            = "10.1088/1126-6708/2001/09/010",
eprint         = "hep-lat/0108014",
archivePrefix  = "arXiv",
primaryClass   = "hep-lat",
reportNumber   = "CERN-TH-2001-208, UT-CCP-P-110, MPI-PHT-2001-25",
SLACcitation   = "%%CITATION = HEP-LAT/0108014;%%"
}

@article{Hasenfratz:2005tt,
  author         = "Hasenfratz, Anna and Hasenfratz, Peter and Niedermayer,
  Ferenc",
  title          = "{Simulating full QCD with the fixed point action}",
  journal        = "Phys. Rev.",
  volume         = "D72",
  year           = "2005",
  pages          = "114508",
  doi            = "10.1103/PhysRevD.72.114508",
  eprint         = "hep-lat/0506024",
  archivePrefix  = "arXiv",
  primaryClass   = "hep-lat",
  SLACcitation   = "%%CITATION = HEP-LAT/0506024;%%"
}

@article{Hasenbusch:1998yb,
  author         = "Hasenbusch, M.",
  title          = "{Speeding up finite step size updating of full QCD on the
    lattice}",
journal        = "Phys. Rev.",
volume         = "D59",
year           = "1999",
pages          = "054505",
doi            = "10.1103/PhysRevD.59.054505",
eprint         = "hep-lat/9807031",
archivePrefix  = "arXiv",
primaryClass   = "hep-lat",
reportNumber   = "HUB-EP-98-41",
SLACcitation   = "%%CITATION = HEP-LAT/9807031;%%"
}

@article{Gehrmann:1999wr,
  author         = "Gehrmann, Bernd and Wolff, Ulli",
  title          = "{Efficiencies and optimization of HMC algorithms in pure
    gauge theory}",
booktitle      = "{Lattice field theory. Proceedings, 17th International
  Symposium, Lattice'99, Pisa, Italy, June 29-July 3, 1999}",
journal        = "Nucl. Phys. Proc. Suppl.",
volume         = "83",
year           = "2000",
pages          = "801-803",
doi            = "10.1016/S0920-5632(00)91808-5",
eprint         = "hep-lat/9908003",
archivePrefix  = "arXiv",
primaryClass   = "hep-lat",
SLACcitation   = "%%CITATION = HEP-LAT/9908003;%%"
}
@article{Knechtli:2003yt,
  author         = "Knechtli, Francesco and Wolff, Ulli",
  title          = "{Dynamical fermions as a global correction}",
  collaboration  = "Alpha",
  journal        = "Nucl. Phys.",
  volume         = "B663",
  year           = "2003",
  pages          = "3-32",
  doi            = "10.1016/S0550-3213(03)00369-9",
  eprint         = "hep-lat/0303001",
  archivePrefix  = "arXiv",
  primaryClass   = "hep-lat",
  reportNumber   = "HU-EP-03-12",
  SLACcitation   = "%%CITATION = HEP-LAT/0303001;%%"
}

@article{Weingarten:1980hx,
  author         = "Weingarten, D. H. and Petcher, D. N.",
  title          = "{Monte Carlo Integration for Lattice Gauge Theories with
    Fermions}",
journal        = "Phys. Lett.",
volume         = "B99",
year           = "1981",
pages          = "333-338",
doi            = "10.1016/0370-2693(81)90112-X",
reportNumber   = "IUHET-61",
SLACcitation   = "%%CITATION = PHLTA,B99,333;%%"
}

@article{Meyer:2002cd,
      author         = "Meyer, Harvey B.",
      title          = "{Locality and statistical error reduction on correlation
                        functions}",
      journal        = "JHEP",
      volume         = "01",
      year           = "2003",
      pages          = "048",
      doi            = "10.1088/1126-6708/2003/01/048",
      eprint         = "hep-lat/0209145",
      archivePrefix  = "arXiv",
      primaryClass   = "hep-lat",
      SLACcitation   = "%%CITATION = HEP-LAT/0209145;%%"
}

@article{DellaMorte:2007zz,
      author         = "Della Morte, Michele and Giusti, Leonardo",
      title          = "{Exploiting symmetries for exponential error reduction in
                        path integral Monte Carlo}",
      journal        = "Comput. Phys. Commun.",
      volume         = "180",
      year           = "2009",
      pages          = "813-818",
      doi            = "10.1016/j.cpc.2008.10.017",
      reportNumber   = "CERN-PH-TH-2007-196",
      SLACcitation   = "%%CITATION = CPHCB,180,813;%%"
}

@article{DellaMorte:2008jd,
      author         = "Della Morte, Michele and Giusti, Leonardo",
      title          = "{Symmetries and exponential error reduction in Yang-Mills
                        theories on the lattice}",
      journal        = "Comput. Phys. Commun.",
      volume         = "180",
      year           = "2009",
      pages          = "819-826",
      doi            = "10.1016/j.cpc.2009.03.009",
      eprint         = "0806.2601",
      archivePrefix  = "arXiv",
      primaryClass   = "hep-lat",
      reportNumber   = "CERN-PH-TH-2008-112",
      SLACcitation   = "%%CITATION = ARXIV:0806.2601;%%"
}


@article{DellaMorte:2010yp,
      author         = "Della Morte, Michele and Giusti, Leonardo",
      title          = "{A novel approach for computing glueball masses and
                        matrix elements in Yang-Mills theories on the lattice}",
      journal        = "JHEP",
      volume         = "05",
      year           = "2011",
      pages          = "056",
      doi            = "10.1007/JHEP05(2011)056",
      eprint         = "1012.2562",
      archivePrefix  = "arXiv",
      primaryClass   = "hep-lat",
      reportNumber   = "CERN-PH-TH-2010-197, HIM-2010-02, MKPH-T-10-40",
      SLACcitation   = "%%CITATION = ARXIV:1012.2562;%%"
}

@article{Giusti:2015daa,
      author         = "Giusti, Leonardo and Pepe, Michele",
      title          = "{Energy-momentum tensor on the lattice: Nonperturbative
                        renormalization in Yang-Mills theory}",
      journal        = "Phys. Rev.",
      volume         = "D91",
      year           = "2015",
      pages          = "114504",
      doi            = "10.1103/PhysRevD.91.114504",
      eprint         = "1503.07042",
      archivePrefix  = "arXiv",
      primaryClass   = "hep-lat",
      SLACcitation   = "%%CITATION = ARXIV:1503.07042;%%"
}

@article{openQCD1.4,
 eprint          = "{http://luscher.web.cern.ch/luscher/openQCD/}"
} 

@article{openQCD1.4_dirac,
      author         = "L{\"u}scher, Martin",
      title          = "{Implementation of the lattice Dirac operator, unpublished notes}",
      year           = "2016"
} 

@article{openQCD1.4_forces,
      author         = "L{\"u}scher, Martin",
      title          = "{Molecular-dynamics quark forces, unpublished notes}",
      year           = "2012"
} 


@ARTICLE{Omelyan2003272,
  author = {I. P. Omelyan and I. M. Mryglod and R. Folk},
  title = {Symplectic analytically integrable decomposition algorithms: classification,
    derivation, and application to molecular dynamics, quantum and celestial
      mechanics simulations},
  year = {2003},
  volume = {151},
  number = {3},
  pages = {272 - 314},
  issn = {0010-4655},
  doi = {DOI: 10.1016/S0010-4655(02)00754-3},
  url = {http://www.sciencedirect.com/science/article/pii/S0010465502007543},
  journal = {Computer Physics Communications}
}